[gd_scene load_steps=14 format=2]

[ext_resource path="res://ARVROriginWithHandTracking_custom.tscn" type="PackedScene" id=1]
[ext_resource path="res://models/Arcade_StreetFighter.tscn" type="PackedScene" id=2]
[ext_resource path="res://main.gd" type="Script" id=3]
[ext_resource path="res://models/game_room.tscn" type="PackedScene" id=4]
[ext_resource path="res://models/IMG_20220609_083130023.jpg" type="Texture" id=5]
[ext_resource path="res://models/signs/galaga.tscn" type="PackedScene" id=6]
[ext_resource path="res://window_large.tscn" type="PackedScene" id=7]
[ext_resource path="res://models/pacman_sign_1/pacman.tscn" type="PackedScene" id=8]
[ext_resource path="res://TV.tscn" type="PackedScene" id=9]
[ext_resource path="res://couch.tscn" type="PackedScene" id=10]
[ext_resource path="res://sube.tscn" type="PackedScene" id=18]

[sub_resource type="ProceduralSky" id=1]
sky_top_color = Color( 0, 0, 0, 1 )
sky_horizon_color = Color( 0.498039, 0.498039, 0.498039, 1 )
ground_bottom_color = Color( 0, 0, 0, 1 )
ground_horizon_color = Color( 0, 0, 0, 1 )

[sub_resource type="Environment" id=2]
background_mode = 2
background_sky = SubResource( 1 )
ambient_light_color = Color( 0.662745, 0.619608, 0.619608, 1 )
tonemap_mode = 2

[node name="Spatial" type="Spatial"]
transform = Transform( 1, 0, 0, 0, 1, 0, 0, 0, 1, 0, -1.4508, 0 )
script = ExtResource( 3 )

[node name="ARVROriginWithHandTrackingCustom" parent="." instance=ExtResource( 1 )]
transform = Transform( 1, 0, 0, 0, 1, 0, 0, 0, 1, 3.58992, 1.96484, 0 )

[node name="cube" parent="." instance=ExtResource( 18 )]
transform = Transform( 0.1, 0, 0, 0, 0.1, 0, 0, 0, 0.1, -0.776199, 1.32683, -1.04413 )
visible = false

[node name="OmniLight" type="OmniLight" parent="."]
transform = Transform( 1, 0, 0, 0, 1, 0, 0, 0, 1, -0.747245, 4.14492, -1.41347 )
visible = false
shadow_enabled = true
shadow_bias = 10.0
omni_range = 8.0
omni_attenuation = 1.56917
omni_shadow_mode = 0

[node name="OmniLight5" type="OmniLight" parent="."]
transform = Transform( 1, 0, 0, 0, 1, 0, 0, 0, 1, -1.34832, 4.14955, 0.854867 )
visible = false
shadow_enabled = true
shadow_bias = 10.0
omni_range = 8.0
omni_attenuation = 1.56917
omni_shadow_mode = 0

[node name="OmniLight6" type="OmniLight" parent="."]
transform = Transform( 1, 0, 0, 0, 1, 0, 0, 0, 1, -8.07124, 4.14955, 0.854867 )
visible = false
shadow_enabled = true
shadow_bias = 10.0
omni_range = 8.0
omni_attenuation = 1.56917
omni_shadow_mode = 0

[node name="OmniLight3" type="OmniLight" parent="."]
transform = Transform( 1, 0, 0, 0, 1, 0, 0, 0, 1, 4.45623, 4.14955, -1.40654 )
visible = false
shadow_enabled = true
shadow_bias = 10.0
omni_range = 8.0
omni_attenuation = 1.56917
omni_shadow_mode = 0

[node name="OmniLight4" type="OmniLight" parent="."]
transform = Transform( 1, 0, 0, 0, 1, 0, 0, 0, 1, 2.75687, 4.14955, 2.01074 )
shadow_enabled = true
shadow_bias = 10.0
omni_range = 8.0
omni_attenuation = 1.56917
omni_shadow_mode = 0

[node name="OmniLight2" type="OmniLight" parent="."]
transform = Transform( 1, 0, 0, 0, 1, 0, 0, 0, 1, 8.06147, 4.14955, -1.53799 )
visible = false
shadow_enabled = true
shadow_bias = 10.0
omni_range = 8.0
omni_attenuation = 1.56917
omni_shadow_mode = 0

[node name="game_room" parent="." instance=ExtResource( 4 )]

[node name="Arcade_StreetFighter" parent="game_room" instance=ExtResource( 2 )]
transform = Transform( -0.565685, 0, 0.565685, 0, 0.8, 0, -0.565685, 0, -0.565685, 7.20022, 0.0323195, 1.7579 )

[node name="insidehouse" type="Sprite3D" parent="game_room"]
transform = Transform( -0.25, 0, -9.73536e-08, 0, 0.25, 0, 9.73536e-08, 0, -0.25, 4.04558, 1.90187, 4.64736 )
visible = false
texture = ExtResource( 5 )

[node name="couch2" parent="game_room" instance=ExtResource( 10 )]

[node name="TV2" parent="game_room" instance=ExtResource( 9 )]

[node name="window_large2" parent="game_room" instance=ExtResource( 7 )]

[node name="pacman" parent="game_room" instance=ExtResource( 8 )]
transform = Transform( -0.353553, -0.353553, 5.76012e-08, 0, -8.14603e-08, -0.5, 0.353553, -0.353553, 5.76011e-08, 8.80935, 2.87672, 1.64531 )

[node name="galaga" parent="game_room" instance=ExtResource( 6 )]
transform = Transform( -0.353553, -0.353553, 5.76012e-08, 0, -8.14603e-08, -0.5, 0.353553, -0.353553, 5.76011e-08, 6.98234, 2.84504, 3.44695 )

[node name="WorldEnvironment" type="WorldEnvironment" parent="."]
environment = SubResource( 2 )

[node name="DirectionalLight" type="DirectionalLight" parent="."]
transform = Transform( 0.930264, 0.223319, 0.291098, 0, -0.793417, 0.608678, 0.366891, -0.566231, -0.738087, 9.00554, 10.2194, -10.2685 )
shadow_enabled = true
shadow_color = Color( 0.482353, 0.482353, 0.482353, 1 )
directional_shadow_split_1 = 0.111
directional_shadow_split_2 = 0.404
directional_shadow_split_3 = 0.725
directional_shadow_blend_splits = true
directional_shadow_normal_bias = 0.0
directional_shadow_bias_split_scale = 0.15
directional_shadow_max_distance = 25.0

[node name="DirectionalLight2" type="DirectionalLight" parent="."]
transform = Transform( -0.789588, -0.373508, -0.486871, 0, -0.793417, 0.608678, -0.613638, 0.480605, 0.626472, 9.00554, -0.657529, 0.307676 )
light_energy = 0.5
shadow_color = Color( 0.482353, 0.482353, 0.482353, 1 )
directional_shadow_blend_splits = true
[connection signal="left_index_pinching" from="ARVROriginWithHandTrackingCustom" to="." method="_on_ARVROriginWithHandTrackingCustom_left_index_pinching"]
[connection signal="left_index_released" from="ARVROriginWithHandTrackingCustom" to="." method="_on_ARVROriginWithHandTrackingCustom_left_index_released"]
[connection signal="left_pinch" from="ARVROriginWithHandTrackingCustom" to="." method="_on_ARVROriginWithHandTrackingCustom_left_pinch"]
[connection signal="left_release" from="ARVROriginWithHandTrackingCustom" to="." method="_on_ARVROriginWithHandTrackingCustom_left_release"]
[connection signal="right_index_pinching" from="ARVROriginWithHandTrackingCustom" to="." method="_on_ARVROriginWithHandTrackingCustom_right_index_pinching"]
[connection signal="right_index_released" from="ARVROriginWithHandTrackingCustom" to="." method="_on_ARVROriginWithHandTrackingCustom_right_index_released"]
[connection signal="right_pinch" from="ARVROriginWithHandTrackingCustom" to="." method="_on_ARVROriginWithHandTrackingCustom_right_pinch"]
[connection signal="right_release" from="ARVROriginWithHandTrackingCustom" to="." method="_on_ARVROriginWithHandTrackingCustom_right_release"]
